@book{notas_curso,
  author = {Gonzalo Perera and Angel Segura and Carolina Crisci},
  title = {Curso de estad√≠stica de datos extremales, cap. 1 a cap. 5},
  year = {2021},
}