@book{notas_curso,
  author = {Carolina Crisci and Gonzalo Perera and Angel Segura},
  title = {Curso de estad√≠stica de datos extremales, cap. 1 a cap. 5},
  year = {2021},
}

@Article{evd,
  title = {evd: Extreme Value Distributions},
  author = {A. G. Stephenson},
  journal = {R News},
  year = {2002},
  volume = {2},
  number = {2},
  pages = {0},
  month = {June},
  url = {https://CRAN.R-project.org/doc/Rnews/},
}

@BOOK{enders,
	title={Applied Econometric Time Series},
	author={Enders, W.},
	isbn={9781118808566},
	lccn={2014014356},
	series={Wiley Series in Probability and Statistics},
	year=2014,
	publisher={Wiley}
}

@article{kpss,
	title = "Testing the Null Hypothesis of Stationarity Against the Alternative of a Unit Root: How Sure Are We That Economic Time Series Are Nonstationary?",
	author = "Yongcheol Shin and Denis Kwiatkowski and Peter Schmidt and Phillips, {Peter C. B.}",
	year = 1992,
	volume = "54",
	pages = "159--178",
	journal = "Journal of Econometrics",
	issn = "0304-4076",
	publisher = "Elsevier",
	number = "1-3",
}